<record><leader>00000nas a2200000 i 4500</leader><controlfield tag="001">892516911</controlfield><controlfield tag="006">m     o  d        </controlfield><controlfield tag="007">cr |||||||||||</controlfield><controlfield tag="008">141008c18679999iauwr neo     0   a0eng  </controlfield><datafield ind1=" " ind2=" " tag="010"><subfield code="a">  2014218626</subfield></datafield><datafield ind1=" " ind2=" " tag="040"><subfield code="a">DLC</subfield><subfield code="b">eng</subfield><subfield code="e">rda</subfield><subfield code="c">DLC</subfield></datafield><datafield ind1="0" ind2=" " tag="022"><subfield code="a">2375-3161</subfield><subfield code="2">1</subfield></datafield><datafield ind1=" " ind2=" " tag="042"><subfield code="a">pcc</subfield><subfield code="a">nsdp</subfield></datafield><datafield ind1=" " ind2=" " tag="043"><subfield code="a">n-us-ia</subfield></datafield><datafield ind1="1" ind2="0" tag="050"><subfield code="a">ISSN RECORD</subfield></datafield><datafield ind1="0" ind2="0" tag="082"><subfield code="a">071</subfield><subfield code="2">23</subfield></datafield><datafield ind1="0" ind2=" " tag="130"><subfield code="a">Denison review (Online)</subfield></datafield><datafield ind1=" " ind2="4" tag="222"><subfield code="a">The Denison review</subfield><subfield code="b">(Online)</subfield></datafield><datafield ind1="1" ind2="4" tag="245"><subfield code="a">The Denison review.</subfield></datafield><datafield ind1=" " ind2="1" tag="264"><subfield code="a">Denison, Iowa :</subfield><subfield code="b">The Review Publishing Co.</subfield></datafield><datafield ind1=" " ind2=" " tag="300"><subfield code="a">1 online resource</subfield></datafield><datafield ind1=" " ind2=" " tag="310"><subfield code="a">Weekly</subfield></datafield><datafield ind1=" " ind2=" " tag="336"><subfield code="a">text</subfield><subfield code="b">txt</subfield><subfield code="2">rdacontent</subfield></datafield><datafield ind1=" " ind2=" " tag="337"><subfield code="a">computer</subfield><subfield code="b">c</subfield><subfield code="2">rdamedia</subfield></datafield><datafield ind1=" " ind2=" " tag="338"><subfield code="a">online resource</subfield><subfield code="b">cr</subfield><subfield code="2">rdacarrier</subfield></datafield><datafield ind1="1" ind2=" " tag="362"><subfield code="a">Began May 3, 1867.</subfield></datafield><datafield ind1=" " ind2=" " tag="500"><subfield code="a">Publisher: James D. Ainsworth, &lt;January 31, 1872-&gt;; J. Fred. Meyers, Aug. 12, 1874-</subfield></datafield><datafield ind1=" " ind2=" " tag="500"><subfield code="a">Includes weekly section called: Dow City advocate, &lt;Oct. 23-Dec. 25, 1885&gt;.</subfield></datafield><datafield ind1=" " ind2=" " tag="500"><subfield code="a">Editor: J.F. Meyers, &lt;1874-1876&gt;.</subfield></datafield><datafield ind1=" " ind2=" " tag="515"><subfield code="a">&lt;Vol. 17, no. 13 (Mar. 30, 1883)-v. 18, no. 38 (Sept. 19, 1884)&gt; called also whole no. &lt;844-921&gt;.</subfield></datafield><datafield ind1=" " ind2=" " tag="580"><subfield code="a">English ed. statement noted in publisher's statement, &lt;Oct. 1884-Nov. 1885&gt;; German ed. published &lt;Oct. 1884-Nov. 1885&gt;.</subfield></datafield><datafield ind1=" " ind2=" " tag="588"><subfield code="a">Description based on: Volume 45, no. 36 (September 7, 1910); title from masthead (Chroniclingamerica.loc.gov, viewed October 8, 2014).</subfield></datafield><datafield ind1=" " ind2=" " tag="588"><subfield code="a">Latest issue consulted: Vol. LV, no. 47 (Nov. 24, 1920) (Chroniclingamerica.loc.gov, viewed October 8, 2014).</subfield></datafield><datafield ind1=" " ind2="0" tag="651"><subfield code="a">Denison (Iowa)</subfield><subfield code="v">Newspapers.</subfield></datafield><datafield ind1=" " ind2=" " tag="752"><subfield code="a">United States</subfield><subfield code="b">Iowa</subfield><subfield code="c">Crawford</subfield><subfield code="d">Denison.</subfield></datafield><datafield ind1=" " ind2=" " tag="752"><subfield code="a">United States</subfield><subfield code="b">Iowa</subfield><subfield code="c">Crawford</subfield><subfield code="d">Dow City.</subfield></datafield><datafield ind1="0" ind2="8" tag="776"><subfield code="i">Originally issued in print:</subfield><subfield code="t">Denison review</subfield><subfield code="x">2375-3153</subfield><subfield code="w">(DLC)sn 84038095</subfield><subfield code="w">(OCoLC)11166125</subfield></datafield><datafield ind1="1" ind2=" " tag="777"><subfield code="t">Denison bulletin (Denison, Iowa : 1923 : Online)</subfield><subfield code="g">&lt;1950-</subfield></datafield><datafield ind1="0" ind2="5" tag="780"><subfield code="t">Journal (Denison, Iowa : Online)</subfield></datafield><datafield ind1="1" ind2=" " tag="787"><subfield code="t">Dow City advocate (Online)</subfield></datafield><datafield ind1="4" ind2="0" tag="856"><subfield code="u">http://www.loc.gov/chroniclingamerica/lccn/sn84038095/issues</subfield></datafield></record>